<?xml version="1.0" encoding="UTF-8"?><collection xmlns="http://www.loc.gov/MARC21/slim"><record><leader>00492nam--2200181-i-4500</leader><controlfield tag="001">000029538</controlfield><controlfield tag="002">20161230</controlfield><controlfield tag="005">20161230201037</controlfield><controlfield tag="008">060222s1000------------r-----000-0-fre-d</controlfield><datafield ind1=" " ind2=" " tag="040"><subfield code="a">IFIN-HH</subfield></datafield><datafield ind1=" " ind2=" " tag="041"><subfield code="a">fre</subfield></datafield><datafield ind1=" " ind2=" " tag="080"><subfield code="a">524.5(043)</subfield></datafield><datafield ind1="1" ind2=" " tag="100"><subfield code="a">Louise, R</subfield></datafield><datafield ind1="1" ind2="0" tag="245"><subfield code="a">Contribution des methodes interferentielle a la physique des nebuleuses d`emission</subfield><subfield code="b">These</subfield><subfield code="c">R. louise</subfield></datafield><datafield ind1=" " ind2=" " tag="260"><subfield code="a">Marseille</subfield><subfield code="b">Marseille</subfield><subfield code="c">1970</subfield></datafield><datafield ind1=" " ind2=" " tag="300"><subfield code="a">192P</subfield></datafield><datafield ind1=" " ind2=" " tag="852"><subfield code="a">77784</subfield><subfield code="c">523</subfield></datafield><datafield ind1=" " ind2=" " tag="CAT"><subfield code="a">Sys</subfield><subfield code="c">20141209</subfield><subfield code="h">150224</subfield></datafield></record></collection>